<SRU:record><SRU:recordSchema>info:lc/xmlns/marcxchange-v1</SRU:recordSchema><SRU:recordPacking>xml</SRU:recordPacking><SRU:recordData><marcxchange:record format="normarc" type="Bibliographic" xmlns:marcxchange="info:lc/xmlns/marcxchange-v1"><marcxchange:leader>00771nam  2200253   4500</marcxchange:leader><marcxchange:controlfield tag="001">354104</marcxchange:controlfield><marcxchange:controlfield tag="008">140612                a          00nob</marcxchange:controlfield><marcxchange:datafield tag="015" ind1=" " ind2=" "><marcxchange:subfield code="a">10116116</marcxchange:subfield><marcxchange:subfield code="b">BibliofilID</marcxchange:subfield></marcxchange:datafield><marcxchange:datafield tag="019" ind1=" " ind2=" "><marcxchange:subfield code="b">ge</marcxchange:subfield></marcxchange:datafield><marcxchange:datafield tag="020" ind1=" " ind2=" "><marcxchange:subfield code="a">978-82-16-15339-0</marcxchange:subfield></marcxchange:datafield><marcxchange:datafield tag="082" ind1="3" ind2=" "><marcxchange:subfield code="a">107.6</marcxchange:subfield></marcxchange:datafield><marcxchange:datafield tag="082" ind1="3" ind2=" "><marcxchange:subfield code="a">340</marcxchange:subfield></marcxchange:datafield><marcxchange:datafield tag="090" ind1=" " ind2=" "><marcxchange:subfield code="a">354104</marcxchange:subfield></marcxchange:datafield><marcxchange:datafield tag="100" ind1=" " ind2=" "><marcxchange:subfield code="a">Høgberg, Alf Petter</marcxchange:subfield><marcxchange:subfield code="d">1971-</marcxchange:subfield></marcxchange:datafield><marcxchange:datafield tag="245" ind1=" " ind2=" "><marcxchange:subfield code="a">I språkets bilde</marcxchange:subfield><marcxchange:subfield code="h">elektronisk ressurs</marcxchange:subfield><marcxchange:subfield code="b">elementære logiske emner i juridisk kontekst</marcxchange:subfield><marcxchange:subfield code="c">Alf Petter Høgberg</marcxchange:subfield></marcxchange:datafield><marcxchange:datafield tag="260" ind1=" " ind2=" "><marcxchange:subfield code="a">Oslo</marcxchange:subfield><marcxchange:subfield code="b">Norsk lyd- og blindeskriftbibliotek</marcxchange:subfield><marcxchange:subfield code="c">2014</marcxchange:subfield></marcxchange:datafield><marcxchange:datafield tag="533" ind1=" " ind2=" "><marcxchange:subfield code="a">Elektronisk</marcxchange:subfield></marcxchange:datafield><marcxchange:datafield tag="592" ind1=" " ind2=" "><marcxchange:subfield code="a">04/07/2014</marcxchange:subfield></marcxchange:datafield><marcxchange:datafield tag="594" ind1=" " ind2=" "><marcxchange:subfield code="a">XHTML</marcxchange:subfield></marcxchange:datafield><marcxchange:datafield tag="596" ind1=" " ind2=" "><marcxchange:subfield code="a">Oslo</marcxchange:subfield><marcxchange:subfield code="b">Universitetsforl.</marcxchange:subfield><marcxchange:subfield code="c">cop. 2012</marcxchange:subfield><marcxchange:subfield code="e">119 s.</marcxchange:subfield><marcxchange:subfield code="f">978-82-15-01965-9</marcxchange:subfield></marcxchange:datafield><marcxchange:datafield tag="650" ind1=" " ind2="1"><marcxchange:subfield code="a">Examen facultatum</marcxchange:subfield><marcxchange:subfield code="1">107.6</marcxchange:subfield></marcxchange:datafield><marcxchange:datafield tag="650" ind1=" " ind2="1"><marcxchange:subfield code="a">Rettsvitenskap</marcxchange:subfield><marcxchange:subfield code="1">340</marcxchange:subfield></marcxchange:datafield><marcxchange:datafield tag="856" ind1=" " ind2=" "><marcxchange:subfield code="u">URN:NBN:no-nb_nlb_</marcxchange:subfield></marcxchange:datafield></marcxchange:record></SRU:recordData><SRU:recordPosition>42</SRU:recordPosition></SRU:record>