<SRU:record><SRU:recordSchema>info:lc/xmlns/marcxchange-v1</SRU:recordSchema><SRU:recordPacking>xml</SRU:recordPacking><SRU:recordData><marcxchange:record format="normarc" type="Bibliographic" xmlns:marcxchange="info:lc/xmlns/marcxchange-v1"><marcxchange:leader>00855nam  2200265   4500</marcxchange:leader><marcxchange:controlfield tag="001">354204</marcxchange:controlfield><marcxchange:controlfield tag="008">140701                a          00nob</marcxchange:controlfield><marcxchange:datafield tag="015" ind1=" " ind2=" "><marcxchange:subfield code="a">10127720</marcxchange:subfield><marcxchange:subfield code="b">BibliofilID</marcxchange:subfield></marcxchange:datafield><marcxchange:datafield tag="019" ind1=" " ind2=" "><marcxchange:subfield code="b">ge</marcxchange:subfield></marcxchange:datafield><marcxchange:datafield tag="020" ind1=" " ind2=" "><marcxchange:subfield code="a">978-82-16-14323-0</marcxchange:subfield></marcxchange:datafield><marcxchange:datafield tag="082" ind1="3" ind2=" "><marcxchange:subfield code="a">344.03</marcxchange:subfield></marcxchange:datafield><marcxchange:datafield tag="090" ind1=" " ind2=" "><marcxchange:subfield code="a">354204</marcxchange:subfield></marcxchange:datafield><marcxchange:datafield tag="100" ind1=" " ind2=" "><marcxchange:subfield code="a">Kjønstad, Asbjørn</marcxchange:subfield><marcxchange:subfield code="d">1943-</marcxchange:subfield></marcxchange:datafield><marcxchange:datafield tag="245" ind1=" " ind2=" "><marcxchange:subfield code="a">Velferdsrett I</marcxchange:subfield><marcxchange:subfield code="h">elektronisk ressurs</marcxchange:subfield><marcxchange:subfield code="c">Asbjørn Kjønstad, Aslak Syse</marcxchange:subfield><marcxchange:subfield code="b">grunnleggende rettigheter, rettssikkerhet og tvang</marcxchange:subfield></marcxchange:datafield><marcxchange:datafield tag="260" ind1=" " ind2=" "><marcxchange:subfield code="a">Oslo</marcxchange:subfield><marcxchange:subfield code="b">Norsk lyd- og blindeskriftbibliotek</marcxchange:subfield><marcxchange:subfield code="c">2014</marcxchange:subfield></marcxchange:datafield><marcxchange:datafield tag="500" ind1=" " ind2=" "><marcxchange:subfield code="a">1. utg. 1997</marcxchange:subfield></marcxchange:datafield><marcxchange:datafield tag="533" ind1=" " ind2=" "><marcxchange:subfield code="a">Elektronisk</marcxchange:subfield></marcxchange:datafield><marcxchange:datafield tag="592" ind1=" " ind2=" "><marcxchange:subfield code="a">21/07/2014</marcxchange:subfield></marcxchange:datafield><marcxchange:datafield tag="594" ind1=" " ind2=" "><marcxchange:subfield code="a">XHTML</marcxchange:subfield></marcxchange:datafield><marcxchange:datafield tag="596" ind1=" " ind2=" "><marcxchange:subfield code="a">Oslo</marcxchange:subfield><marcxchange:subfield code="b">Gyldendal juridisk</marcxchange:subfield><marcxchange:subfield code="c">2012</marcxchange:subfield><marcxchange:subfield code="d">5. utg.</marcxchange:subfield><marcxchange:subfield code="e">627 s.</marcxchange:subfield><marcxchange:subfield code="f">978-82-05-43036-5</marcxchange:subfield></marcxchange:datafield><marcxchange:datafield tag="650" ind1=" " ind2=" "><marcxchange:subfield code="a">Sosial velferd</marcxchange:subfield><marcxchange:subfield code="x">Norge</marcxchange:subfield><marcxchange:subfield code="0">norsk forvaltningsrett</marcxchange:subfield><marcxchange:subfield code="1">344.03</marcxchange:subfield></marcxchange:datafield><marcxchange:datafield tag="700" ind1=" " ind2=" "><marcxchange:subfield code="a">Syse, Aslak</marcxchange:subfield><marcxchange:subfield code="d">1946-</marcxchange:subfield></marcxchange:datafield><marcxchange:datafield tag="740" ind1=" " ind2=" "><marcxchange:subfield code="a">Velferdsrett</marcxchange:subfield></marcxchange:datafield><marcxchange:datafield tag="856" ind1=" " ind2=" "><marcxchange:subfield code="u">URN:NBN:no-nb_nlb_</marcxchange:subfield></marcxchange:datafield></marcxchange:record></SRU:recordData><SRU:recordPosition>46</SRU:recordPosition></SRU:record>