<SRU:record><SRU:recordSchema>info:lc/xmlns/marcxchange-v1</SRU:recordSchema><SRU:recordPacking>xml</SRU:recordPacking><SRU:recordData><marcxchange:record format="normarc" type="Bibliographic" xmlns:marcxchange="info:lc/xmlns/marcxchange-v1"><marcxchange:leader>00811nam  2200265   4500</marcxchange:leader><marcxchange:controlfield tag="001">218100</marcxchange:controlfield><marcxchange:controlfield tag="008">140714                a          00eng</marcxchange:controlfield><marcxchange:datafield tag="015" ind1=" " ind2=" "><marcxchange:subfield code="a">10133923</marcxchange:subfield><marcxchange:subfield code="b">BibliofilID</marcxchange:subfield></marcxchange:datafield><marcxchange:datafield tag="019" ind1=" " ind2=" "><marcxchange:subfield code="b">dc,dj</marcxchange:subfield></marcxchange:datafield><marcxchange:datafield tag="020" ind1=" " ind2=" "><marcxchange:subfield code="a">978-82-16-14341-4</marcxchange:subfield></marcxchange:datafield><marcxchange:datafield tag="082" ind1="3" ind2=" "><marcxchange:subfield code="a">004.678</marcxchange:subfield><marcxchange:subfield code="z">h</marcxchange:subfield><marcxchange:subfield code="2">5</marcxchange:subfield></marcxchange:datafield><marcxchange:datafield tag="082" ind1="3" ind2=" "><marcxchange:subfield code="a">004.72</marcxchange:subfield><marcxchange:subfield code="2">5</marcxchange:subfield></marcxchange:datafield><marcxchange:datafield tag="090" ind1=" " ind2=" "><marcxchange:subfield code="a">218100</marcxchange:subfield></marcxchange:datafield><marcxchange:datafield tag="100" ind1=" " ind2=" "><marcxchange:subfield code="a">Krug, Steve</marcxchange:subfield></marcxchange:datafield><marcxchange:datafield tag="245" ind1=" " ind2=" "><marcxchange:subfield code="a">Don't make me think!</marcxchange:subfield><marcxchange:subfield code="h">daisy 2.02</marcxchange:subfield><marcxchange:subfield code="b">a common sense approach to Web usability</marcxchange:subfield><marcxchange:subfield code="c">Steve Krug</marcxchange:subfield></marcxchange:datafield><marcxchange:datafield tag="260" ind1=" " ind2=" "><marcxchange:subfield code="a">Oslo</marcxchange:subfield><marcxchange:subfield code="b">Norsk lyd- og blindeskriftbibliotek</marcxchange:subfield><marcxchange:subfield code="c">2014</marcxchange:subfield></marcxchange:datafield><marcxchange:datafield tag="300" ind1=" " ind2=" "><marcxchange:subfield code="a">5 t. 8 min.</marcxchange:subfield></marcxchange:datafield><marcxchange:datafield tag="500" ind1=" " ind2=" "><marcxchange:subfield code="a">1st ed. 2000</marcxchange:subfield></marcxchange:datafield><marcxchange:datafield tag="511" ind1=" " ind2=" "><marcxchange:subfield code="a">Talesyntese</marcxchange:subfield></marcxchange:datafield><marcxchange:datafield tag="592" ind1=" " ind2=" "><marcxchange:subfield code="a">16/07/2014</marcxchange:subfield></marcxchange:datafield><marcxchange:datafield tag="596" ind1=" " ind2=" "><marcxchange:subfield code="a">Berkeley, Calif.</marcxchange:subfield><marcxchange:subfield code="b">New Riders</marcxchange:subfield><marcxchange:subfield code="c">cop.</marcxchange:subfield><marcxchange:subfield code="d">2nd ed.2006</marcxchange:subfield><marcxchange:subfield code="e">XIII, 201 s.</marcxchange:subfield><marcxchange:subfield code="f">978-0-321-34475-5</marcxchange:subfield></marcxchange:datafield><marcxchange:datafield tag="650" ind1=" " ind2=" "><marcxchange:subfield code="a">Internett</marcxchange:subfield><marcxchange:subfield code="1">004.67</marcxchange:subfield></marcxchange:datafield><marcxchange:datafield tag="650" ind1=" " ind2=" "><marcxchange:subfield code="a">Webdesign</marcxchange:subfield><marcxchange:subfield code="1">006.7</marcxchange:subfield></marcxchange:datafield><marcxchange:datafield tag="850" ind1=" " ind2=" "><marcxchange:subfield code="a">2030251</marcxchange:subfield><marcxchange:subfield code="b">Studie Oslo</marcxchange:subfield><marcxchange:subfield code="f">9</marcxchange:subfield><marcxchange:subfield code="h">4</marcxchange:subfield><marcxchange:subfield code="x">2014-08-04T15:59+0200</marcxchange:subfield><marcxchange:subfield code="y">1900-01-14</marcxchange:subfield></marcxchange:datafield><marcxchange:datafield tag="850" ind1=" " ind2=" "><marcxchange:subfield code="a">2030251</marcxchange:subfield><marcxchange:subfield code="b">Studie Oslo</marcxchange:subfield><marcxchange:subfield code="f">9</marcxchange:subfield><marcxchange:subfield code="h">9</marcxchange:subfield><marcxchange:subfield code="x">2014-08-04T15:59+0200</marcxchange:subfield></marcxchange:datafield><marcxchange:datafield tag="850" ind1=" " ind2=" "><marcxchange:subfield code="a">2030251</marcxchange:subfield><marcxchange:subfield code="b">Studie Oslo</marcxchange:subfield><marcxchange:subfield code="f">9</marcxchange:subfield><marcxchange:subfield code="h">4</marcxchange:subfield><marcxchange:subfield code="x">2014-08-04T15:59+0200</marcxchange:subfield><marcxchange:subfield code="y">1900-01-25</marcxchange:subfield></marcxchange:datafield><marcxchange:datafield tag="850" ind1=" " ind2=" "><marcxchange:subfield code="a">2030251</marcxchange:subfield><marcxchange:subfield code="b">Studie Oslo</marcxchange:subfield><marcxchange:subfield code="f">9</marcxchange:subfield><marcxchange:subfield code="h">9</marcxchange:subfield><marcxchange:subfield code="x">2014-08-04T15:59+0200</marcxchange:subfield></marcxchange:datafield><marcxchange:datafield tag="850" ind1=" " ind2=" "><marcxchange:subfield code="a">2030251</marcxchange:subfield><marcxchange:subfield code="b">Studie Oslo</marcxchange:subfield><marcxchange:subfield code="f">9</marcxchange:subfield><marcxchange:subfield code="h">9</marcxchange:subfield><marcxchange:subfield code="x">2014-08-04T15:59+0200</marcxchange:subfield></marcxchange:datafield><marcxchange:datafield tag="856" ind1=" " ind2=" "><marcxchange:subfield code="u">URN:NBN:no-nb_nlb_</marcxchange:subfield><marcxchange:subfield code="s">104924528</marcxchange:subfield></marcxchange:datafield><marcxchange:datafield tag="996" ind1=" " ind2=" "><marcxchange:subfield code="u">http://websok.nlb.no/cgi-bin/websok?tnr=218100</marcxchange:subfield><marcxchange:subfield code="t">local</marcxchange:subfield></marcxchange:datafield></marcxchange:record></SRU:recordData><SRU:recordPosition>48</SRU:recordPosition></SRU:record>